
%% http://www.citationmachine.net/


%%%%%%%%%%%%%%%%%%%%%  iTEXT    %%%%%%%%%%%%%%%%%%%%%%%%%%%%%%%%%%% 

@book{lowagie_2010, title={iText in Action, Second Edition}, publisher={Manning Publications}, author={Lowagie, Bruno}, year={2010}}




%%%%%%%%%%%%%%%%%%%%%  Jasper Report    %%%%%%%%%%%%%%%%%%%%%%%%%%%%%%%%%%% 

@book{heffelfinger_2009, place={Birmingham}, title={JasperReports 3.5 for Java developers: create, design, format and export reports with the worlds most popular Java reporting library}, publisher={Packt Publ.}, author={Heffelfinger, David R.}, year={2009}}

@book{danciu_chirita_2007, place={Berkeley, CA}, title={The definitive guide to JasperReports:}, publisher={Apress}, author={Danciu, Teodor and Chirita, Lucian}, year={2007}}

@book{siddiqui_2010, title={JasperReports 3.6 Development Cookbook: Over 50 Recipes to Create Next-generation Reports Using JasperReports}, publisher={Packt Publishing}, author={Siddiqui, Bilal}, year={2010}}

@misc{stackoverflow_alternative, title={Looking for an alternative to JasperReports}, url={https://stackoverflow.com/questions/8246425/looking-for-an-alternative-to-jasperreports}, journal={reporting - Looking for an alternative to JasperReports - Stack Overflow}}

@misc{djohnson53_2017, title={Getting Started with Jaspersoft Studio}, url={https://community.jaspersoft.com/documentation/tibco-jaspersoft-studio-user-guide/v640/getting-started-jaspersoft-studio}, journal={Jaspersoft Community}, author={djohnson53}, year={2017}, month={Jun}}

@misc{innovent_solutions, title={Open Source Reporting Review - BIRT, Jaspersoft, Pentaho}, url={http://www.innoventsolutions.com/open-source-reporting-review-birt-jasper-pentaho.html}, journal={Innovent Solutions}}

@misc{JasperReportAlternative, title={List of Java Reporting Software Alternatives}, url={http://www.javareports.info/how-to-choose/list-of-java-reporting-software-alternatives/}, journal={All about Java Software Solutions And How To Create a Java Report}, year={2013}, month={Feb}}

@misc{howtoJavaReport, title={Jasper Reports Review - Open Source Java Reporting}, url={http://www.javareports.info/reviews-and-evaluations/jasper-reports/}, journal={All about Java Software Solutions And How To Create a Java Report}, year={2013}, month={Mar}}



%%%%%%%%%%%%%%%%%%%%%  Apache PDFBox    %%%%%%%%%%%%%%%%%%%%%%%%%%%%%%%%%%% 

@misc{apache_pdfbox, title={Apache PDFBox® - A Java PDF Library}, url={https://pdfbox.apache.org/}, journal={Apache PDFBox | A Java PDF Library}}

@misc{apachepdfbox_history, title={Apache PDFBox and FontBox 1.0.0 released}, url={http://www.h-online.com/open/news/item/Apache-PDFBox-and-FontBox-1-0-0-released-932436.html}, journal={Apache PDFBox and FontBox 1.0.0 released - The H Open: News and Features}, year={2010}, month={Feb}}


%%%%%%%%%%%%%%%%%%%%%  Performance    %%%%%%%%%%%%%%%%%%%%%%%%%%%%%%%%%%% 

@book{molyneaux2014art,
  title={The Art of Application Performance Testing: From Strategy to Tools},
  author={Molyneaux, I.},
  isbn={9781491900543},
  series={Theory in practice},
  url={https://books.google.ch/books?id=lKXboAEACAAJ},
  year={2014},
  publisher={O'Reilly Media, Incorporated}
}

@article{miller_1968, title={Response time in man-computer conversational transactions}, volume={33}, DOI={10.1145/1476589.1476628}, journal={Proceedings of the December 9-11, 1968, fall joint computer conference, part I on - AFIPS 68 (Fall, part I)}, author={Miller, Robert B.}, year={1968}, pages={267–276}}

%%%%%%%%%%%%%%%%%%%%%  Others    %%%%%%%%%%%%%%%%%%%%%%%%%%%%%%%%%%% 

@book{richardson_ruby_2007, place={Beijing}, title={RESTful web services:}, publisher={OReilly}, author={Richardson, Leonard and Ruby, Sam}, year={2007}}

@misc{vonbrauk_neudert_2015, title={Prinzipien skalierbarer Architektur – Teil 1}, url={https://jaxenter.de/prinzipien-skalierbarer-architektur-848}, journal={JAXenter}, author={von Brauk, Stephan and Neudert, Christian}, year={2015}, month={Jan}}


@book{sommerville_2012, place={München}, title={Software engineering}, publisher={Pearson}, author={Sommerville, Ian}, year={2012}}


%%% About PDF 
@book{whitington_2012, place={Beijing}, title={PDF explained}, publisher={OReilly}, author={Whitington, John}, year={2012}}





%% interesting Links : 

%% https://stackoverflow.com/questions/8246425/looking-for-an-alternative-to-jasperreports

%% https://community.jaspersoft.com/system/files/restricted-docs/jaspersoft-studio-user-guide_5.pdf

%% https://www.amazon.de/gp/offer-listing/1849510768/ref=sr_1_2_olp?s=books-intl-de&ie=UTF8&qid=1503303766&sr=1-2&keywords=JasperReports

%% https://www.amazon.de/s/ref=nb_sb_noss?__mk_de_DE=%C3%85M%C3%85%C5%BD%C3%95%C3%91&url=search-alias%3Denglish-books&field-keywords=JasperReports

%% https://www.amazon.de/s/ref=nb_sb_noss?__mk_de_DE=%C3%85M%C3%85%C5%BD%C3%95%C3%91&url=search-alias%3Denglish-books&field-keywords=iText&rh=n%3A52044011%2Ck%3AiText

%%SOA Performance
%%https://www.cscan.org/openaccess/?id=175

%% Aufbau ähnlich wie meine Arbeit : 
%% https://wr.informatik.uni-hamburg.de/_media/research:theses:simon_kostede_performanceanalyse_der_ein__ausgabe_des___kologiemodells_ecoham5.pdf

%%%https://www.amazon.de/s/ref=nb_sb_noss?__mk_de_DE=%C3%85M%C3%85%C5%BD%C3%95%C3%91&url=search-alias%3Denglish-books&field-keywords=JasperReports
%%%https://stackoverflow.com/questions/8246425/looking-for-an-alternative-to-jasperreports

%%%% https://www.amazon.de/gp/offer-listing/1849510768/ref=sr_1_2_olp?s=books-intl-de&ie=UTF8&qid=1503303766&sr=1-2&keywords=JasperReports
